% -----------------------------------------------------------------------
% File: CogSci_Template.bib
% -----------------------------------------------------------------------

% Modified : Eli M. Silk (esilk at pitt.edu)            05/24/2005
% Modified : David Noelle (dnoelle at ucmerced.edu)     11/19/2014


@article{shepard1987,
  title={Toward a universal law of generalization for psychological science},
  author={Shepard, Roger N},
  journal={Science},
  volume={237},
  number={4820},
  pages={1317--1323},
  year={1987},
  publisher={JSTOR}
}

@article{gelman2010effects,
  title={Effects of generic language on category content and structure},
  author={Gelman, Susan A and Ware, Elizabeth A and Kleinberg, Felicia},
  journal={Cognitive Psychology},
  volume={61},
  number={3},
  pages={273--301},
  year={2010},
  publisher={Elsevier}
}
@article{rhodes2012cultural,
  title={Cultural transmission of social essentialism},
  author={Rhodes, Marjorie and Leslie, Sarah-Jane and Tworek, Christina M},
  journal={Proceedings of the National Academy of Sciences},
  volume={109},
  number={34},
  pages={13526--13531},
  year={2012},
  publisher={National Acad Sciences}
}
@article{gelman2003preschool,
  title={Preschool children use linguistic form class and pragmatic cues to interpret generics},
  author={Gelman, Susan A and Raman, Lakshmi},
  journal={Child Development},
  volume={74},
  number={1},
  pages={308--325},
  year={2003},
  publisher={Wiley Online Library}
}

@article{jaswal2007looks,
  title={Looks aren't everything: 24-month-olds' willingness to accept unexpected labels},
  author={Jaswal, Vikram K and Markman, Ellen M},
  journal={Journal of Cognition and Development},
  volume={8},
  number={1},
  year={2007},
  publisher={Taylor \& Francis}
}

@article{asher1995some,
  title={What some generic sentences mean},
  author={Asher, Nicholas and Morreau, Michael},
  journal={The generic book},
  pages={300--338},
  year={1995},
  publisher={Chicago University Press Chicago, IL}
}

@article{krifka1995introduction,
  title={Introduction to genericity},
  author={Krifka, Manfred and Pelletier, Francis J and Carlson, Gregory N and Chierchia, Gennaro and Link, Godehard and Ter Meulen, Alice},
  journal={The generic book},
  pages={1--124},
  year={1995}
}

@article{eckardt1999normal,
  title={Normal objects, normal worlds and the meaning of generic sentences},
  author={Eckardt, Regine},
  journal={Journal of Semantics},
  volume={16},
  number={3},
  pages={237--278},
  year={1999},
  publisher={Oxford University Press}
}

@article{liebesman2011simple,
  title={Simple generics},
  author={Liebesman, David},
  journal={No{\^u}s},
  volume={45},
  number={3},
  pages={409--442},
  year={2011},
  publisher={Wiley Online Library}
}

@article{mccarthy1980circumscription,
  title={Circumscription?a form of non-monotonic reasoning},
  author={McCarthy, John},
  journal={Artificial intelligence},
  volume={13},
  number={1},
  pages={27--39},
  year={1980},
  publisher={Elsevier}
}

@article{leslie2008generics,
  title={Generics: Cognition and acquisition},
  author={Leslie, Sarah-Jane},
  journal={Philosophical Review},
  volume={117},
  number={1},
  pages={1--47},
  year={2008},
  publisher={Duke Univ Press}
}

@article{prasada2013conceptual,
  title={Conceptual distinctions amongst generics},
  author={Prasada, Sandeep and Khemlani, Sangeet and Leslie, Sarah-Jane and Glucksberg, Sam},
  journal={Cognition},
  volume={126},
  number={3},
  pages={405--422},
  year={2013},
  publisher={Elsevier}
}

@article{leslie2017original,
  title={The original sin of cognition: Fear, prejudice, and generalization},
  author={Leslie, Sarah-Jane},
  journal={The Journal of Philosophy},
  volume={114},
  number={8},
  pages={393--421},
  year={2017}
}


% -----------------------------------------------------------------------
% Document End
% -----------------------------------------------------------------------
